3302 5082
720 398 760 458 19

627 489 839 496 ——w

152 610 285 692 quidem
301 611 486 695 exemplum
504 616 619 692 exstat,
641 610 727 692 apud
745 610 850 672 solum
866 607 1029 672 Catullum
1044 602 1146 671 forma
1157 621 1202 671 ne
1219 644 1259 653 -
1278 625 1323 672 611
1378 583 1380 586 ¹

152 700 328 782 invenitur,
351 701 387 764 cf.
412 702 464 781 64,
490 699 552 763 178
578 720 639 783 sq:

364 805 563 870 ldnreneosne
579 809 686 886 petam
708 803 847 868 orientes?

271 951 289 970 .,
365 894 420 958 An
436 895 542 974 petris
564 893 721 958 66666666
743 891 882 973 sperem?

372 982 518 1065 Coninpr's
540 1005 583 1047 66
604 983 667 1064 fido
690 981 823 1047 consoler
846 984 952 1045 nrenret
973 979 1131 1060 orreorc?1)

154 1090 212 1152 ubi
236 1109 278 1152 ex
303 1091 471 1154 bimembri
495 1092 748 1172 interrogatione
774 1089 857 1151 facta
874 1095 923 1152 est
942 1087 1114 1170 multiplex
1142 1088 1326 1170 disiunctio,

155 1197 255 1259 quare
284 1178 343 1260 ,an’
363 1179 424 1242 bis
453 1181 596 1262 positum
626 1184 681 1244 est.
735 1177 895 1241 Observes
925 1176 1024 1239 velim
1053 1175 1113 1258 ,an’
1143 1178 1177 1238 in
1202 1197 1231 1238 v,
1264 1177 1327 1240 180

155 1268 337 1330 secundum
353 1270 513 1331 enuntiati
529 1269 638 1331 locum
653 1273 770 1348 tenere,
785 1267 819 1328 id
828 1266 914 1348 quod
930 1265 1003 1327 aliis
1018 1265 1099 1328 locis
1116 1267 1201 1349 apud
1216 1273 1326 1349 poetas

154 1360 283 1418 nostros
306 1375 374 1419 uon
397 1359 556 1440 reperitur
568 1359 600 1436 Ι).

245 1477 336 1526 anne
361 1482 418 1546 pro
441 1463 501 1544 ,an'
523 1465 600 1526 item
618 1461 763 1525 Catullus
787 1461 876 1524 solus
893 1461 1043 1525 adhibuit
1063 1461 1103 1524 ad
1121 1463 1328 1525 secundariae

155 1553 417 1634 interrogationis
441 1554 541 1636 partis
565 1553 632 1614 vim
656 1551 847 1615 acuendam:
873 1550 926 1632 66,
952 1549 992 1614 15
1016 1556 1047 1614 et
1072 1547 1123 1614 25.

244 1655 422 1740 Postquam
437 1659 612 1741 genuinam
631 1658 846 1719 disiunctivae
862 1657 1124 1739 interrogationis
1147 1657 1281 1720 formam
1311 1676 1329 1718 a

159 1745 282 1810 Catullo
312 1747 380 1809 solo
411 1750 603 1828 usurpatam
635 1747 968 1827 commemoravimus,
999 1747 1183 1808 accuratius
1216 1746 1256 1810 de
1286 1760 1332 1808 an

155 1835 333 1918 particulae
350 1853 415 1899 usu
440 1835 525 1918 apud
547 1840 659 1918 poetas
686 1845 814 1898 nostros
842 1833 938 1898 nobis
963 1835 1136 1898 dicendum
1160 1835 1228 1897 erit.

248 1941 307 2023 ,an’
331 1942 522 2026 particulam
545 1943 819 2023 interrogatiram,
844 1960 926 2024 quae
957 1961 1083 2023 semper
1105 1937 1332 2026 {antecedentia

158 2032 289 2113 respicit
312 2037 342 2093 et
366 2031 580 2093 disiunctioni
601 2031 830 2112 exprimendae
853 2032 998 2108 inservit,
1021 2032 1057 2091 in
1081 2030 1258 2092 enuntiatis
1281 2030 1330 2090 in-

157 2120 363 2202 terrogativis
387 2126 418 2182 et
442 2121 539 2182 rectis
563 2124 594 2182 et
611 2118 752 2201 obliquis
768 2119 876 2182 locum
900 2124 1008 2182 tenere
1024 2120 1231 2181 interomnes
1256 2137 1331 2181 con-

159 2212 230 2270 stat.
277 2207 390 2290 Neque
405 2209 515 2270 minus
539 2212 716 2270 notumest
740 2207 799 2288 ,an’
825 2226 919 2290 saepe
942 2209 988 2270 ita
1010 2209 1088 2290 poni
1111 2211 1149 2269 ut
1166 2207 1332 2270 antecedat

157 2315 225 2359 non
254 2298 317 2359 alia
346 2298 564 2378 interrogatio,
601 2296 657 2360 sed
694 2296 882 2359 affirmatio:
919 2295 958 2358 de
994 2298 1088 2359 cuius
1118 2315 1199 2358 usus
1229 2297 1262 2357 vi
1295 2315 1332 2357 ac

159 2387 320 2448 sententia
343 2385 380 2448 cl.
406 2384 538 2469 Madvig
559 2384 626 2448 Lat.
651 2384 859 2469 Spraohlehre
883 2385 901 2465 ξ
925 2383 999 2448 463.

250 2491 464 2576 interrogatio
475 2511 533 2576 per
546 2491 606 2572 ,an’
613 2491 738 2575 prolata
748 2510 824 2554 cum
834 2491 998 2554 alacritate
1008 2494 1104 2573 atque
1115 2491 1334 2570 admiratione,

163 2582 247 2664 apud
276 2580 481 2665 Propertium
510 2583 605 2644 etiam
633 2580 798 2644 interdurn
822 2598 896 2642 cum
921 2580 1134 2661 simulatione,
1157 2585 1334 2663 usurpatur

162 2670 202 2732 ad
226 2670 447 2733 affirmandam
471 2691 541 2734 eam
566 2689 647 2752 quae
663 2669 822 2732 antecedit
839 2669 1038 2730 sententiam.
1076 2668 1109 2730 Is
1127 2670 1185 2750 qui
1209 2669 1334 2750 quaerit

163 2759 311 2840 negando
347 2778 539 2842 responsum
567 2760 608 2820 iri
638 2761 810 2840 exspectat.
854 2755 1089 2838 interpositum
1118 2755 1223 2837 ,vero’,
1247 2757 1335 2838 quod

163 2847 220 2908 alii
245 2848 373 2928 saepius
386 2852 593 2928 usurparunt,
610 2846 650 2908 ad
665 2845 927 2928 interrogationis
943 2847 1011 2907 vim
1034 2846 1212 2908 acuendam
1232 2847 1335 2907 nostri

163 2953 344 3018 numquam
368 2935 596 2998 adhibuerunt.
644 2933 690 2997 ef.
715 2933 779 2997 eat.
806 2933 857 3012 66,
880 2934 938 2995 27:

271 3041 365 3105 Anne
388 3041 499 3106 bonnm
521 3040 613 3105 oblito
636 3061 668 3104 es
690 3041 825 3121 focinus,
849 3061 908 3122 qno
930 3040 1049 3121 replum
1071 3041 1207 3120 odeptn's

322 3129 516 3212 0666696666,
540 3150 599 3211 qno
621 3150 684 3194 666
706 3130 822 3210 fortine
844 3130 930 3192 6686
952 3127 1035 3192 olis?

165 3237 259 3318 Prop.
284 3237 326 3317 Il,
351 3234 419 3318 reb,
443 3236 500 3300 31:

370 3342 424 3405 An
447 3343 476 3404 si
498 3341 635 3406 caeruleo
657 3344 809 3422 quaedem
831 3363 891 3406 sno
913 3346 1048 3422 temporo
1070 3342 1141 3422 foco

417 3430 567 3507 Tinrerr't,
591 3431 702 3496 idcirco
725 3429 850 3495 coernlo
871 3433 974 3514 fenino
997 3431 1075 3494 bono
1097 3430 1163 3494 est?

164 3518 208 3600 ΙΙ,
231 3518 283 3600 33,
306 3519 358 3582 26.

257 3625 348 3690 Idem
375 3631 469 3710 poeta
502 3626 592 3690 solus
620 3626 843 3691 vehementius
876 3627 1036 3709 probandi
1064 3645 1168 3710 genus
1203 3645 1259 3708 per
1288 3645 1337 3708 ,an

169 3715 353 3866 quigquqnll
390 3714 545 3778 Romanis
580 3715 674 3777 valde
715 3716 899 3778 adamatum
933 3714 1094 3778 adhibuit:
1134 3713 1175 3796 ΙΙ,
1213 3715 1266 3797 26,
1296 3715 1338 3777 23

167 3813 199 3866 et
268 3854 274 3885 ,
342 3856 348 3868 .

261 3910 523 3992 Coniunctivum,
553 3913 610 3994 qui
647 3912 682 3972 in
716 3911 875 3974 eiusmodi
913 3909 1221 3994 interrogationibus
1254 3912 1339 3994 apud

169 3998 333 4064 Catullum
369 4005 400 4063 et
427 3999 592 4063 Tibullum
627 4019 692 4062 non
722 4003 835 4081 eistat,
864 4002 971 4080 posuit
1000 3999 1092 4082 Prop.
1117 4019 1234 4081 magno
1265 4019 1356 4087 cum¹

169 4088 298 4152 affectu:
323 4088 349 4170 I,
373 4089 402 4170 6,
428 4088 467 4151 13
492 4094 523 4152 et
545 4087 587 4166 ΙΙ,
613 4088 664 4168 14,
687 4088 737 4152 30.

278 4283 301 4349 1)
321 4280 360 4336 Cf.
380 4284 413 4336 ad
433 4285 521 4336 totum
542 4283 613 4336 huuc
632 4283 722 4336 locum
741 4299 757 4336 a
778 4299 799 4333 v.
819 4281 869 4335 177
889 4281 982 4349 Eurip.
1003 4281 1073 4334 Med.
1093 4279 1146 4334 502
1166 4297 1204 4350 sq.

282 4353 304 4421 2)
324 4353 362 4408 Cf.
383 4352 459 4408 Ovid.
480 4354 561 4408 Trist.
574 4354 625 4416 ΙΙΙ,
646 4356 670 4416 1,
686 4353 732 4414 44;
753 4369 788 4406 ex
805 4352 1032 4417 Ponr.11,9,84;
1053 4352 1151 4406 Juven.
1172 4352 1227 4406 Sat.
1242 4351 1286 4414 VI,
1298 4353 1339 4405 61.

1146 4463 1181 4510 2*
