3302 5082
921 367 940 429 2

435 581 516 646 Cum
539 603 581 647 ex
605 583 728 646 Handii
751 582 933 648 Tursellino
961 591 993 648 et
1016 583 1170 666 Draegeri
1193 582 1277 646 libro
1313 584 1408 666 paulo
1445 587 1519 648 ante

345 672 476 736 laudato
511 677 580 736 turn
617 673 826 752 exsrirornm
858 674 1027 736 doctorum
1056 670 1201 735 Dissenii
1231 672 1270 734 ad
1293 671 1458 736 Tibullum
1488 679 1520 736 01

346 761 550 846 Hertzbergii
563 762 602 825 ad
608 762 816 844 Propertium
829 763 1068 826 commentariis
1079 760 1243 824 interdurn
1256 762 1519 844 explanationem

347 856 444 933 atque
474 851 730 933 intellegentiam
759 852 842 914 mihi
864 871 1013 916 manasse
1040 854 1076 913 in
1106 869 1140 914 re
1169 869 1235 912 non
1265 852 1342 914 satis
1373 863 1459 914 certa
1487 856 1520 914 et

346 940 457 1002 lucida
482 958 628 1003 summae
651 931 792 1004 laetitiae
816 942 911 1004 fateri
934 939 1161 1024 voluptatique
1185 943 1240 1001 001.

436 1025 588 1092 Numeris
611 1047 692 1090 usus
718 1048 791 1092 sum
816 1030 968 1093 editionis
983 1027 1184 1108 Baehrensii,
1208 1029 1265 1110 qui
1285 1027 1368 1090 bene
1384 1029 1518 1091 meritus

345 1122 393 1181 est
426 1117 464 1180 de
489 1116 624 1197 Catullo,
651 1116 789 1198 Tibulle,
824 1117 992 1202 Propertio
1003 1121 1035 1196 1).
1088 1116 1197 1180 Verba
1225 1117 1313 1180 enim
1348 1122 1518 1199 poetarum

347 1227 365 1269 a
393 1205 651 1290 corruptelarum
681 1206 832 1270 sordibus
861 1211 1012 1290 purgavit
1046 1212 1077 1270 et
1111 1207 1230 1269 multos
1264 1210 1296 1268 et
1330 1211 1518 1289 pervagatos

345 1313 469 1358 errores
492 1294 631 1358 feliciter
661 1297 802 1377 sanavit,
832 1301 906 1360 ante
934 1296 1042 1358 omnia
1072 1300 1180 1358 autern
1209 1296 1309 1357 huius
1338 1296 1402 1360 viri
1434 1295 1519 1358 docti

346 1403 442 1468 opera
475 1384 686 1447 instrumenti
718 1385 823 1448 critici
851 1404 933 1449 1010
967 1385 1094 1448 10011101
1123 1384 1307 1466 certiorque
1337 1387 1367 1446 et
1390 1384 1519 1466 plenior

342 1473 450 1536 factus
474 1477 531 1536 est.
576 1471 639 1536 Sed
662 1474 888 1555 nuperrimum
906 1493 1036 1557 qnoque
1054 1472 1181 1552 Catulli,
1204 1471 1334 1552 Tibulli,
1357 1470 1517 1555 Propertii

345 1562 526 1624 carminum
554 1561 711 1625 editorem
741 1581 807 1624 non
837 1581 963 1646 semper
992 1583 1059 1626 rem
1090 1581 1152 1624 aon
1179 1562 1323 1643 tetigisse
1359 1563 1439 1642 quis
1468 1567 1517 1626 est
1626 1617 1627 1620 ,

345 1649 425 1732 quin
437 1649 625 1732 intellegat?
660 1649 823 1732 Equidem
839 1671 905 1714 non
920 1671 1044 1736 semper
1056 1652 1155 1714 huius
1167 1651 1231 1712 viri
1248 1649 1333 1712 docti
1346 1649 1519 1714 lectionem

346 1742 478 1802 secutus
496 1753 578 1820 suin,
600 1739 666 1820 sed,
683 1738 740 1802 ubi
764 1740 849 1804 alius
874 1741 996 1804 codicis
1027 1746 1083 1803 aut
1105 1742 1251 1823 priorum
1275 1740 1463 1802 criticorum
1487 1744 1518 1802 et

344 1827 559 1911 interpretum
579 1827 675 1891 lectio
692 1830 847 1892 maiorem
862 1828 1098 1913 probabilitatis
1115 1830 1255 1911 speciem
1273 1828 1336 1891 sibi
1351 1829 1517 1893 vindicare

345 1921 377 1980 01
392 1917 500 1980 verior
515 1933 586 1980 esse
602 1916 783 1999 videbatur,
806 1918 897 1980 illam
914 1917 1077 1982 substitui.
1117 1915 1211 1991 Quod
1228 1922 1335 1980 autem
1351 1917 1517 1981 interdum

345 2006 517 2089 castigator
528 2006 640 2070 exstiti
652 2007 930 2080 eorumlocorum,
943 2027 1084 2090 quorum
1095 2007 1189 2070 lectio
1202 2023 1308 2088 usque
1321 2006 1360 2068 ad
1373 2012 1517 2069 nostram

345 2095 534 2160 memoriam
556 2095 711 2179 perducta
734 2115 805 2159 meo
831 2097 964 2179 quidem
985 2096 1107 2158 iudicio
1132 2094 1196 2157 nisi
1221 2093 1360 2177 quadam
1379 2113 1517 2157 consue-

345 2183 460 2246 tudine
476 2185 609 2248 retineri
621 2204 687 2247 non
703 2187 817 2269 potuit,
834 2185 1029 2249 benevolum
1045 2185 1198 2248 lectorem
1213 2190 1245 2247 01
1261 2202 1317 2247 010
1335 2188 1366 2246 01
1382 2183 1516 2247 obsecro
1625 2238 1628 2256 ,

344 2275 383 2334 11
405 2272 487 2334 mihi
509 2274 658 2353 ignoscat
680 2279 712 2336 et
735 2293 851 2337 censor
875 2276 917 2337 sit
939 2274 1113 2338 remissior.

434 2357 583 2422 Ceterum
597 2361 739 2442 ingenue
755 2361 858 2424 fateor
872 2363 907 2423 in
923 2363 984 2423 hac
998 2363 1187 2443 quaestione
1198 2359 1364 2422 tractanda
1375 2359 1516 2422 multum

344 2449 500 2530 temporis
524 2453 556 2510 et
579 2465 695 2531 operae
711 2448 896 2531 laborisque
913 2467 1105 2512 consumere
1120 2468 1172 2511 me
1190 2454 1338 2510 00001111
1354 2465 1425 2510 0000
1441 2466 1516 2510 cum

343 2535 416 2600 aliis
439 2535 536 2600 rebus
559 2541 631 2600 tum
651 2542 820 2620 propterea
836 2538 924 2620 quod
941 2538 1095 2620 permulti
1111 2538 1191 2599 mihi
1214 2541 1424 2599 occurrerunt
1439 2536 1517 2615 loci,

344 2626 401 2708 qui
426 2630 575 2689 accurate
600 2627 827 2690 considerandi
860 2631 959 2710 atque
981 2627 1191 2690 examinandi
1214 2629 1246 2690 et
1269 2625 1383 2688 critica
1406 2643 1514 2687 ernen-

298 2743 302 2748 ·
345 2715 464 2777 datrice
489 2715 625 2778 sanandi
649 2721 748 2781 01011.
956 2763 960 2770 .

432 2802 473 2866 11
502 2803 601 2867 huius
626 2806 895 2887 quaestiunculae
919 2803 1043 2884 priore
1073 2801 1178 2884 110110
1203 2803 1242 2865 de
1273 2800 1514 2881 grammatica

345 2890 680 2971 interrogationum
703 2891 834 2974 forma,
864 2895 900 2957 in
924 2891 1132 2974 posteriore
1161 2892 1298 2956 denen
1327 2889 1516 2955 rhetorico

343 2979 534 3061 poeticove
558 2982 671 3045 dicam.

601 3107 661 3114 ..fl-

451 3159 474 3225 1)
493 3145 611 3210 Tertium
635 3156 735 3210 Tibulli
754 3155 904 3223 elegiarum
923 3156 1032 3226 librum,
1059 3151 1167 3210 utiam
1191 3153 1328 3209 Henricus
1347 3154 1462 3209 Vossius
1490 3157 1519 3210 in

351 3227 506 3284 Calendario
526 3227 665 3284 Musarum
678 3227 867 3294 Goettingensi
885 3227 1047 3295 observarit,
1066 3243 1119 3280 non
1138 3244 1152 3280 a
1170 3226 1274 3280 Tibullo
1293 3227 1424 3295 originem
1442 3243 1519 3281 acce·

343 3299 417 3369 pisso
441 3315 515 3352 nunc
536 3300 609 3352 inter
632 3315 724 3354 omnes
743 3301 859 3354 0010101.
896 3299 929 3352 11
947 3301 1040 3352 vetere
1059 3299 1181 3366 catalogo
1200 3313 1268 3352 saec.
1288 3297 1330 3352 IX
1349 3299 1383 3352 ab
1401 3297 1519 3366 Hauptio

343 3371 415 3424 edito
435 3371 488 3424 duo
506 3373 611 3424 tantum
630 3371 742 3439 genuini
755 3371 859 3424 Tibulli
877 3369 942 3423 libri
965 3371 1149 3437 nominantur,
1173 3371 1266 3438 postea
1289 3369 1394 3437 reliqua
1412 3385 1519 3437 quoque

344 3442 465 3496 00111110
482 3443 590 3495 nomine
608 3443 713 3496 tantum
731 3441 831 3496 Tibulli
853 3442 985 3510 inscripta
1004 3458 1066 3494 cum
1089 3441 1147 3495 illis
1169 3441 1312 3494 coniuncta
1334 3446 1364 3494 et
1387 3441 1416 3493 in
1434 3457 1516 3494 11111

344 3529 441 3582 corpus
461 3512 575 3568 collecta
593 3515 751 3582 reperimus
789 3512 849 3578 Qua
861 3513 940 3593 dere
958 3513 985 3566 si
998 3514 1059 3580 quis
1078 3513 1189 3581 plenius
1201 3513 1309 3592 edoceri
1320 3511 1427 3591 “cupiat
1451 3529 1517 3592 con-

343 3583 420 3707 gelat·
441 3583 544 3709 pggib
568 3600 608 3654 sq.
636 3585 666 3638 in
694 3585 799 3638 dissert.
836 3583 1015 3652 Streiffingeri
1041 3584 1074 3637 de
1099 3585 1209 3652 syntaxi
1232 3581 1391 3645 Tibulhana,
1422 3583 1518 3635 11100-

361 3671 422 3723 urgr
513 3697 519 3710 .
