3302 5082
891 356 933 424 22

327 589 391 652 quo
420 548 455 631 in
491 571 631 634 carmine
660 573 753 652 poeta
784 571 960 652 interrogat
983 571 1017 633 id
1042 571 1128 652 quod
1157 572 1222 634 iam
1252 571 1313 633 scit
1344 570 1498 653 quodque

326 658 432 722 denuo
449 659 641 722 affirmatum
657 658 729 720 vult
744 661 781 720 ut
798 659 917 721 certius
934 661 1130 722 sententiam
1147 661 1234 725 sciat.
1281 658 1498 740 Subintellegi

326 752 430 829 potest
454 749 570 832 igitur,
594 746 867 829 quemadmodum
891 751 927 809 tu
951 747 1113 828 dixisti'll.

387 854 515 1007 tApud
544 853 706 916 Catullum
735 857 766 916 et
798 851 964 917 Tibullum
997 853 1097 918 huius
1132 875 1213 918 usus
1247 855 1397 937 exempla
1431 873 1498 916 non

327 963 385 1008 exs
401 963 466 1008 an.

416 1054 443 1129 c)
469 1047 629 1112 Omnibus
653 1047 724 1110 aliis
739 1046 1059 1130 interrogationibus,
1082 1051 1117 1111 in
1135 1048 1254 1132 quibus
1276 1048 1499 1130 interrogandi

329 1144 405 1202 nota
421 1139 541 1202 omissa
558 1142 614 1217 est,
634 1136 857 1200 vehementior
873 1137 972 1199 animi
988 1137 1122 1200 affectus
1140 1144 1171 1201 et
1187 1144 1294 1202 motus
1305 1140 1500 1202 continetur.

329 1226 423 1301 Quod
457 1225 678 1306 interrogandi
712 1243 816 1308 genus
850 1226 886 1287 in
915 1225 1075 1309 Propertii
1110 1228 1270 1310 imprimis
1301 1225 1501 1290 carminibus

328 1335 481 1400 persaepe
505 1314 685 1377 adhibitum
709 1331 790 1395 esse,
813 1332 993 1395 numquam
1016 1315 1082 1378 iere
1098 1315 1185 1398 apud
1199 1314 1373 1396 Tibullum,
1397 1334 1503 1395 nemo,

329 1405 433 1485 credo,
456 1405 517 1466 erit
540 1403 598 1485 qui
620 1404 762 1467 miretur.

419 1511 502 1575 Satis
515 1512 557 1572 sit
568 1509 722 1572 brevibus
734 1509 842 1572 verbis
852 1527 983 1572 monere
995 1509 1078 1572 illud
1089 1511 1124 1572 in
1136 1509 1296 1593 Propertii
1303 1510 1502 1574 carminibus

331 1637 372 1646 -
397 1601 551 1664 amatoria
573 1598 763 1683 perpulchre
780 1596 916 1660 Ovidius
933 1599 1071 1680 appellat
1095 1599 1206 1682 ,ignes'
1224 1637 1265 1646 -
1282 1610 1319 1662 ut
1335 1606 1503 1663 teneamus

331 1691 522 1765 discrimen,
553 1689 640 1770 quod
662 1687 807 1751 rhetores
832 1686 946 1750 Graeci
976 1688 1112 1750 fecerint
1134 1689 1220 1751 inter
1242 1686 1323 1773 ἦθος
1346 1693 1378 1752 11
1400 1687 1504 1762 πάθος

332 1815 368 1824 -
398 1782 530 1840 omnino
554 1776 657 1847 πάθος
681 1776 733 1838 vel
754 1776 887 1839 affectus
910 1777 1088 1839 concitatos
1116 1778 1316 1860 praevalere,
1348 1775 1428 1862 ἦθος
1451 1776 1500 1839 vel

330 1869 425 1930 mites
454 1867 681 1947 dulcioresque
708 1864 844 1928 affectus
877 1866 911 1926 in
940 1863 1060 1927 'libulli
1090 1865 1305 1946 carminibus
1342 1868 1400 1948 qui
1428 1867 1505 1928 sim-

331 1958 506 2039 plicitatem
536 1955 632 2018 valde
660 1954 863 2018 adamaverit.
915 1954 1012 2038 Apud
1043 1953 1248 2036 Propertium
1281 1957 1315 2018 in
1345 1956 1504 2018 eiusmodi

331 2043 641 2128 interrogationibus
676 2045 762 2106 inest
796 2043 925 2126 propria
958 2044 1010 2105 vis
1046 2047 1142 2126 atque
1171 2044 1320 2124 gravitas.
1372 2043 1504 2107 Pertur-

331 2135 497 2197 bationum
523 2133 610 2196 enim
626 2133 694 2194 vim
710 2138 743 2195 et
765 2134 1015 2209 contentionem,
1040 2152 1137 2214 quam
1152 2133 1223 2216 ipse
1241 2135 1386 2214 senserit,
1410 2131 1507 2194 nobis

332 2223 461 2307 praebet
483 2227 586 2305 poeta,
608 2222 696 2284 unde
719 2221 812 2285 facile
835 2229 979 2305 repetere
1008 2240 1184 2304 possumus
1207 2241 1327 2285 nervos
1351 2227 1382 2286 et
1407 2222 1504 2304 quasi

334 2313 478 2391 aculeos,
518 2312 576 2393 qui
611 2311 740 2392 saepius
773 2311 887 2372 insunt
921 2312 956 2372 in
991 2311 1042 2373 his
1076 2310 1395 2393 interrogationibus,
1451 2309 1500 2372 Ea

334 2406 464 2463 tantum
492 2398 652 2480 exempla,
681 2418 764 2480 quae
794 2417 835 2461 ex
858 2399 919 2461 hoc
949 2418 1066 2481 genere
1095 2400 1237 2462 maxime
1260 2400 1403 2462 notanda
1426 2399 1506 2461 mihi

335 2489 502 2568 videntur,
548 2487 739 2569 singillatim
770 2505 999 2568 commemoro,
1040 2484 1179 2551 breviter
1224 2488 1353 2552 afferam
1392 2493 1507 2551 cetera.

422 2576 592 2639 Eiusmodi
614 2577 883 2658 interrogationes
914 2595 988 2639 curn
1013 2576 1128 2639 affectu
1154 2577 1301 2659 prolatae,
1325 2579 1361 2640 in
1386 2576 1509 2659 quibus

335 2666 426 2731 verbi
461 2665 593 2748 ,putare’
621 2665 673 2728 vel
698 2663 846 2745 ,credere'
870 2665 1013 2728 secunda
1039 2684 1176 2748 persona
1205 2669 1371 2748 proprium
1399 2666 1509 2728 locum

335 2755 474 2836 habetlt,
502 2753 650 2818 Catullus
679 2753 828 2845 adhibuit
850 2754 1072 2838 compluribus
1095 2755 1176 2817 locis
1199 2756 1234 2816 in
1265 2755 1427 2837 opinionis
1454 2755 1509 2816 vel

335 2846 557 2928 persuasionis
582 2863 689 2907 errore
712 2843 938 2926 praedicando,
961 2845 1064 2907 veluti
1090 2845 1140 2924 12,
1164 2842 1198 2906 4:

700 2967 768 3034 Hoc
790 2966 909 3031 salsum
932 2988 996 3032 esse
1012 2967 1135 3048 putas?

339 3077 389 3159 16,
416 3078 472 3153 123
497 3077 551 3155 37,
576 3076 632 3153 113
661 3075 724 3138 104
747 3075 816 3136 init.

429 3201 526 3283 Apud
549 3197 755 3280 Propertium
783 3198 922 3260 usitatae
952 3203 1029 3260 sunt
1057 3199 1327 3280 interrogationes
1351 3221 1370 3263 a
1392 3219 1512 3283 prono-

338 3291 424 3353 mine
455 3287 706 3352 demonstrativo
740 3287 862 3369 primae
900 3305 1055 3369 personae
1082 3288 1290 3370 incipientes,
1323 3292 1359 3352 in
1390 3289 1513 3372 quibus

340 3379 468 3453 doloris,
491 3379 568 3457 irae,
590 3375 833 3458 indignationis,
849 3375 1085 3458 obiurgationis
1102 3375 1226 3458 aliquid
1242 3379 1351 3442 inesse
1367 3379 1512 3457 videtur,

338 3469 377 3531 cf.
401 3466 444 3549 II,
468 3466 488 3530 5
511 3467 596 3532 init:

514 3589 580 3654 Hoc
602 3610 708 3653 cerum
730 3593 782 3666 est,
806 3593 868 3653 iota
891 3592 919 3651 te
940 3589 1029 3668 ferri,
1060 3587 1203 3670 Cynthia,
1226 3590 1337 3672 Rostra,

556 3679 602 3742 Et
623 3698 686 3741 noa
708 3677 812 3759 ignota
836 3679 934 3744 vivere
956 3677 1116 3758 nequitia?

512 3768 598 3832 Haec
621 3767 721 3832 rrcerut‘
743 3765 892 3847 sperare?

340 3892 382 3969 II,
407 3895 436 3976 9,
460 3893 512 3974 23,
537 3895 593 3975 qui
616 3893 709 3956 locus
732 3891 961 3971 interrogative
985 3867 1165 3956 efferendus
1190 3901 1253 3958 est:

516 4001 579 4064 Hic
602 4002 694 4065 11111111
712 4001 839 4081 petitur,
863 4000 917 4079 qui
940 4003 967 4062 tc
983 4002 1080 4080 patris
1101 4006 1173 4065 orate
1197 4000 1344 4083 reliquit?

449 4185 470 4247 ¹)
491 4181 561 4234 Mihi
580 4184 651 4235 carte
670 4182 736 4236 haec
756 4181 823 4234 ratio
843 4180 970 4235 carminis
989 4181 1143 4249 explicandi
1162 4198 1228 4237 vera
1247 4200 1307 4238 esse
1326 4184 1442 4239 ridetur.

449 4252 471 4321 2)
490 4252 622 4306 Martialis
642 4269 747 4320 quoque
767 4252 899 4306 eiusmodi
919 4253 1140 4317 interrogationes
1153 4269 1256 4308 curasse
1270 4256 1387 4310 videtur.
1402 4255 1438 4313 cf.
1452 4272 1475 4311 e.
1489 4274 1515 4323 g.

341 4323 377 4386 li,
397 4325 422 4380 4,
442 4324 471 4390 63
491 4324 535 4387 26,
555 4324 584 4390 33
613 4324 664 4389 III,
694 4323 781 4390 aab
810 4323 858 4390 VI,
877 4324 920 4388 56,
940 4323 969 4390 23
993 4325 1054 4386 VII,
1082 4324 1125 4389 31,
1146 4324 1175 4390 63
1204 4325 1255 4394 IX,
1268 4327 1354 4395 41,3;
1382 4327 1419 4394 X,
1433 4327 1476 4394 76,
1490 4328 1515 4383 1.
