3302 5082
207 1515 373 1627 Libellos
400 1562 438 1628 de
464 1561 617 1626 omnibus
640 1561 706 1626 fere
730 1561 921 1644 linguarum
944 1559 1077 1624 Latinae
1102 1567 1133 1624 et
1158 1562 1298 1626 Graecae

130 1654 220 1717 rebus
249 1652 469 1736 grammaticis
498 1651 675 1731 permultos
704 1669 775 1714 esse
804 1651 839 1713 in
862 1650 967 1732 iisque
995 1669 1062 1712 non
1091 1670 1229 1734 paucos,
1257 1670 1298 1714 ax

131 1743 246 1826 quibus
270 1746 308 1804 ut
331 1759 373 1804 ex
396 1739 541 1803 fontibus
559 1759 670 1803 omnes
685 1741 710 1802 ii
725 1740 857 1804 haurire
876 1740 1011 1822 possint,
1035 1741 1091 1822 qui
1104 1741 1144 1802 ad
1160 1741 1298 1804 alicuius

129 1832 242 1895 veteris
271 1829 436 1912 scriptoris
464 1829 762 1912 interpretationem
790 1829 959 1903 accedant,
993 1830 1071 1892 satis
1099 1834 1149 1892 est
1175 1833 1299 1891 notum.

129 1921 171 1984 Ut
193 1919 271 1982 alios
295 1919 382 1981 viros
407 1918 527 1998 doctos,
552 1919 609 2000 qui
632 1919 813 2000 plurimum
829 1936 944 2001 operae
969 1917 1136 1999 studiique
1159 1919 1194 1980 in
1218 1921 1299 1980 trac-

129 2009 232 2072 tandis
243 2007 342 2072 rebus
353 2007 572 2090 grammaticis
584 2011 866 2089 consumpserunt,
879 2007 1038 2068 omittam:
1055 2006 1095 2067 A.
1108 2003 1300 2088 Draegerus,

130 2119 158 2159 v.
172 2099 208 2178 d,
221 2116 257 2160 eo
270 2095 363 2176 libro,
380 2095 704 2178 quem„Historische
717 2094 843 2175 Syntax
854 2095 911 2157 der
920 2095 1132 2158 lateinischen
1144 2093 1299 2178 89199119(ι

129 2178 301 2268 inscripsit,
331 2203 399 2248 non
421 2183 661 2266 neglegendum
685 2185 875 2246 thesaurum
892 2183 1120 2265 quaestionum
1143 2203 1300 2266 gramma-

129 2277 266 2338 ticarum
289 2274 479 2356 composuit.
526 2271 590 2336 Sed
606 2273 658 2334 vir
679 2273 735 2335 ille
759 2273 873 2334 doctus
896 2273 932 2334 in
955 2272 1021 2334 illis
1037 2273 1301 2336 institutionibus

129 2363 346 2448 grammaticis
369 2361 547 2424 nonnullos
564 2361 654 2424 locos
678 2397 719 2406 —
744 2361 778 2422 id
802 2361 889 2443 quod
913 2379 955 2423 ex
978 2362 1144 2426 immensa
1159 2363 1302 2438 materia,

131 2472 226 2534 quam
250 2449 450 2514 tractandam
475 2449 537 2513 sibi
553 2452 730 2533 proposuit,
753 2449 847 2513 facile
862 2450 1063 2532 intellegitur
1079 2487 1121 2494 --
1138 2469 1206 2513 non
1223 2451 1301 2512 satis

130 2542 303 2623 diligenter
327 2544 486 2622 cauteque
510 2544 664 2602 tractasse
687 2538 824 2620 videtur,
853 2539 1001 2602 omisisse
1025 2539 1216 2614 nonnullos
1245 2541 1302 2621 qui

131 2649 213 2713 quos
249 2629 435 2692 accuratius
476 2628 718 2691 consideremus
756 2627 846 2710 digni
881 2631 965 2690 sunt.
1023 2627 1193 2691 Praeterea
1228 2648 1303 2690 cum

128 2720 276 2802 plerique
300 2735 423 2796 eorum,
448 2718 505 2797 qui
527 2717 564 2778 in
582 2716 1064 2797 quaestionibusgrammaticis
1083 2718 1202 2778 versati
1219 2721 1304 2796 sunt,

130 2807 316 2869 scholarum
331 2805 493 2866 rationem
515 2803 699 2882 habuerint,
722 2819 789 2866 non
813 2807 862 2866 est
886 2803 973 2885 quod
989 2805 1145 2866 miremur
1161 2805 1235 2866 illos
1252 2825 1304 2868 vv.

132 2895 245 2956 doctos
269 2896 307 2955 ut
330 2911 443 2954 eorum
466 2892 673 2973 potissimum
697 2892 899 2974 scriptorum,
924 2910 1005 2973 quos
1022 2892 1174 2956 classicos
1199 2893 1304 2976 appel-

129 2985 256 3061 lamuS,
294 2979 452 3062 loquendi
486 2999 587 3042 usum
620 2981 759 3061 eiusque
791 2982 896 3042 varias
932 2985 1113 3043 structuras
1149 2983 1307 3064 exemplis

128 3073 338 3134 illustrarent
369 3073 401 3132 et
437 3069 649 3152 explanarent
684 3068 842 3132 laudabili
879 3070 1085 3132 contentione
1114 3069 1306 3134 elaborasse.

128 3160 231 3224 Unde
254 3159 377 3222 factum
401 3163 449 3220 est
472 3162 509 3220 ut
533 3158 573 3220 de
592 3159 720 3241 'proprio
746 3157 875 3220 dicendi
898 3177 961 3220 usu
978 3177 1053 3220 cum
1074 3159 1212 3222 aliorum
1235 3165 1305 3222 tum

127 3252 214 3329 eius,
235 3267 318 3330 quae
329 3247 499 3328 Augustea
515 3245 644 3318 dicitur,
661 3248 774 3309 aetatis
786 3251 962 3329 poetarum,
978 3251 1138 3329 quantum
1154 3249 1306 3330 equidem

126 3338 319 3401 existimare
354 3355 496 3418 possum,
535 3336 706 3418 angustius
744 3340 917 3398 tractatum
956 3340 988 3398 et
1024 3335 1225 3420 disputatum
1256 3339 1304 3402 sit.

125 3425 248 3508 ltaque
264 3425 455 3507 praesertim
469 3441 544 3486 eum
560 3424 625 3486 iam
638 3422 762 3486 dudum
775 3423 929 3505 Catullus,
944 3423 1103 3506 Tibullus,
1118 3424 1306 3509 Propertius

124 3517 153 3576 ii
180 3518 333 3581 auctores
358 3513 437 3593 sint,
461 3531 503 3576 ex
528 3531 667 3594 quorum
690 3514 911 3576 monumentis
932 3507 1057 3596 ingenii
1080 3515 1307 3596 pulcherrimis

127 3621 288 3686 magnam
312 3601 403 3685 capio
421 3600 667 3664 delectationem
684 3621 824 3686 cumque
840 3603 898 3666 hos
914 3607 1024 3685 poetas
1041 3602 1208 3684 elegiacos,
1225 3623 1307 3687 quos

126 3691 388 3775 diligentissime
405 3691 543 3772 cognovi
558 3708 665 3771 neque
681 3709 698 3753 e
714 3691 866 3754 manibus
883 3691 1020 3772 dimitto,
1042 3709 1084 3755 ex
1099 3695 1308 3774 grammatica

122 3781 296 3864 imprimis
313 3783 345 3841 et
360 3779 518 3842 rhetorica
533 3779 659 3841 ratione
675 3780 874 3862 perlegerim,
888 3781 969 3846 mihi
987 3799 1053 3843 non
1070 3800 1309 3864 supervacanea

123 3877 233 3952 atque
248 3867 377 3930 inutilis
393 3867 524 3930 videtur
547 3869 795 3948 quaestiuncula
817 3869 856 3932 de
872 3869 1050 3932 enuntiatis
1066 3870 1308 3953 interrogativis

122 3958 222 4040 apud
244 3957 319 4022 illos
342 3962 453 4039 poetas
476 3956 640 4038 elegiacos.
685 3955 773 4020 Illud
796 3976 909 4020 moneo
927 3959 1059 4020 omnino
1075 3958 1308 4042 descriptiones

121 4047 437 4128 interrogationum,
462 4045 549 4126 quod
566 4045 675 4125 sciam,
696 4065 875 4130 perpaucas
899 4065 970 4110 esse
993 4047 1045 4109 vel
1060 4051 1167 4130 potius
1191 4048 1308 4111 nullas.

120 4137 247 4218 Atque
272 4134 311 4198 ob
336 4152 406 4196 eam
429 4135 534 4217 ipsam
557 4152 688 4197 causam
711 4136 791 4197 mihi
815 4137 893 4198 satis
917 4137 1138 4198 excusationis
1161 4141 1309 4219 paratum

119 4229 225 4308 put0,
249 4223 336 4305 quod
355 4223 520 4286 interdum
536 4221 738 4286 abundanter
754 4225 929 4307 etcopiose
946 4225 984 4287 de
999 4224 1310 4307 interrogationibus

118 4316 162 4376 in
193 4316 389 4376 universum
413 4311 583 4394 disputavi.

1031 4411 1036 4428 '
1135 4437 1149 4487 r
