3302 5082
709 409 746 470 17

136 621 221 704 apud
255 621 466 706 Propertium.
517 621 671 706 Vulgaris
707 629 804 706 atque
839 625 1021 687 communis
1056 619 1152 687 notio
1182 625 1308 706 ,nonne'
1347 631 1351 640 '

134 711 308 791 particulae
333 711 484 774 subiecta·
501 717 550 774 est
573 730 638 775 uno
662 711 744 791 loco,
766 711 812 794 ΙΙ,
830 714 880 792 12,
903 713 948 774 21
974 747 978 754 ·

316 817 427 882 Nonne
443 822 542 899 peres
564 820 663 882 miros
685 819 774 882 benc
791 819 934 882 babuisse
956 818 1095 882 means?

225 923 331 989 Semel
354 945 412 1008 pro
438 925 523 1007 ,non'
547 928 766 1009 interrogante
790 926 883 1009 Prop.
907 928 1031 1010 posuit:
1057 926 1100 1007 ll,
1123 927 1174 1003 34,
1201 927 1255 990 10:

349 1031 479 1113 Pentele,
502 1053 603 1096 nonne
626 1037 697 1096 tuoe
720 1037 785 1096 terre
807 1035 937 1098 cecidere
959 1032 1094 1097 omnes?

224 1121 297 1184 Hoc
323 1123 411 1184 enim
432 1123 504 1184 loco
529 1142 596 1184 non
620 1141 657 1184 ea
681 1143 745 1204 qua
768 1124 873 1204 priore
896 1123 966 1185 loco
994 1124 1120 1186 ratione
1144 1124 1309 1205 quaeritur

137 1247 176 1254 —
211 1212 321 1292 inepta
356 1215 441 1273 esset
474 1211 550 1273 talis
584 1212 786 1294 percontatio
823 1248 864 1257 -
899 1212 955 1275 sed
985 1231 1059 1274 cum
1087 1212 1309 1274 admirationis

137 1298 261 1379 affectu,
291 1299 377 1381 quod
405 1319 446 1362 ex
475 1304 542 1362 toto
566 1301 665 1362 huius
694 1300 757 1361 loci
780 1305 936 1364 contextu
965 1300 1147 1364 luculenter
1169 1305 1309 1383 apparet.

164 1486 167 1492 Ι
223 1405 280 1468 Bis
315 1408 458 1490 positum
486 1412 534 1486 est
562 1406 699 1488 ,nonne’,
734 1407 791 1471 ubi
821 1408 861 1471 de
889 1408 1097 1491 praeferenda
1132 1408 1240 1490 alique
1273 1427 1308 1470 re

133 1496 256 1577 agitur:
288 1494 314 1576 I,
340 1496 391 1577 17,
422 1495 461 1558 15
487 1516 532 1579 sq.
549 1497 567 1576 ι)
596 1501 627 1559 et
649 1495 691 1576 ΙΙ,
715 1496 766 1578 25,
797 1498 835 1559 11
863 1517 909 1579 sq.
954 1497 1031 1559 Tota
1053 1497 1104 1560 vis
1129 1517 1165 1560 ac
1192 1501 1309 1560 natura

136 1585 296 1647 eiusmodi
320 1585 612 1667 interrogationum
634 1585 771 1648 inclinat
802 1586 842 1648 ad
872 1588 1011 1650 alacrem
1039 1593 1135 1670 atque
1165 1586 1308 1648 vividam

136 1675 415 1736 asseverationem.

223 1761 302 1824 Post
332 1761 431 1845 ‚quid
465 1763 643 1826 rhetoricae
670 1764 851 1846 gradationi
878 1765 1060 1826 inserviens
1090 1781 1148 1846 pro
1180 1763 1307 1844 ,nonne'

133 1852 267 1932 ponitur
290 1851 386 1932 ,non',
410 1871 474 1933 quo
500 1851 630 1914 dicendi
652 1870 771 1936 genere
795 1854 872 1916 satis
895 1853 1003 1917 vivide
1020 1854 1216 1935 exprimitur
1236 1871 1308 1934 pro-

134 1938 230 2020 bati0,
254 1939 293 2003 cf.
318 1941 405 2024 apud
429 1939 592 2004 Catullum
617 1941 668 2022 24,
693 1941 728 2004 7:

470 2046 574 2126 Quid?
595 2068 658 2110 raon
681 2051 725 2110 est
748 2047 834 2110 leonae
856 2045 973 2110 bellus?

136 2152 221 2234 apud
244 2152 338 2235 Prop.
361 2153 405 2234 ΙΙ,
428 2155 458 2233 8,
481 2155 539 2233 21,
563 2154 617 2234 22,
640 2153 696 2216 31:

252 2260 356 2342 Quid?
376 2263 465 2342 feres
487 2262 725 2326 Andromachae
747 2260 820 2326 lecto
842 2283 912 2326 cene
936 2265 1074 2343 serperet
1095 2260 1218 2338 Hector,

292 2349 384 2414 Belle
406 2351 595 2433 Mycenaeae
617 2372 680 2415 eree
702 2353 830 2416 11111016
853 2349 961 2414 retes?

223 2473 310 2520 num
341 2459 500 2541 particula
533 2477 615 2522 usus
650 2464 699 2522 est
733 2459 957 2542 compluribus
992 2458 1073 2520 locis
1108 2456 1307 2540 Propertius

134 2565 263 2628 perraro
279 2545 437 2628 Tibullus,
462 2548 560 2611 semel
577 2546 731 2610 Catullus.
771 2551 809 2609 ln
822 2547 983 2612 eiusmodi
998 2546 1306 2630 interrogationibus

133 2635 325 2718 plerumque
366 2638 550 2718 negativam
596 2639 777 2719 exspectari
819 2638 1065 2722 responsionem
1099 2643 1215 2699 notum
1250 2641 1307 2700 est.

134 2723 223 2787 Haec
260 2723 453 2806 significatio
489 2725 634 2788 subiecta
662 2730 710 2788 est
740 2727 916 2789 enuntiatis
946 2726 1186 2805 interrogativis
1222 2725 1307 2808 apud

134 2812 308 2893 Tibullum,
332 2814 370 2874 ct.
394 2813 420 2893 Ι,
444 2815 474 2893 2,
498 2814 538 2876 81
565 2833 626 2896 sq.:
778 2817 780 2824 '

273 2918 359 2982 Nam
391 2918 516 2982 Veneris
538 2939 668 2999 magnae
691 2917 801 2982 0101001
825 2919 961 2982 nemine
983 2917 1080 2990 aerbo,

316 3007 363 3071 Er
383 3029 451 3072 1160
473 3028 558 3071 nanc
575 3029 694 3088 poenam
716 3009 814 3088 inopie
838 3006 948 3089 tropon
972 3005 1052 3070 tete?
1076 3010 1133 3069 cet.

223 3115 264 3198 In
287 3137 316 3180 1.
334 3117 376 3180 82
402 3116 500 3198 ,num’
523 3117 627 3198 lectiO,
652 3135 751 3198 quam
774 3117 975 3178 novissimus
993 3132 1124 3197 quoque
1142 3113 1246 3177 editor
1269 3117 1306 3177 in

134 3210 262 3268 textum
278 3207 419 3289 recipere
435 3225 502 3268 non
519 3205 687 3286 dubitavit,
711 3203 914 3287 comprobari
929 3203 1053 3286 nequit.
1098 3202 1176 3265 Tam
1193 3203 1307 3267 duram

134 3298 230 3376 atque
259 3313 404 3376 asperam
432 3293 605 3358 verborum
636 3295 914 3374 coniunctionem,
943 3294 1048 3375 qualis
1078 3297 1129 3355 est
1152 3296 1192 3373 ,61
1214 3292 1306 3355 num'

133 3385 192 3444 vix
222 3383 345 3446 solutae
374 3384 528 3446 orationis
559 3384 731 3466 scriptores
756 3383 1001 3465 usurpaverint,
1033 3381 1154 3444 nedum
1184 3387 1304 3465 poetae.

133 3470 250 3535 Melior
274 3476 359 3534 certe
383 3477 432 3534 est
455 3471 562 3553 ,nunc’
586 3472 682 3535 lectio
707 3472 827 3534 ocdicis
851 3473 890 3552 A,
914 3471 980 3554 qui,
1003 3469 1160 3536 Italorum
1182 3472 1306 3534 coniec-

84 3617 86 3624 ,
133 3561 215 3623 turis
245 3559 592 3643 emendationibusque
627 3581 694 3623 non
721 3562 927 3636 immutatus,
962 3560 1116 3624 lectiones
1141 3559 1306 3642 archetypi

134 3650 212 3712 satis
240 3667 321 3732 pure
350 3654 446 3731 etque
474 3651 661 3732 incorrupte
686 3651 834 3715 servavit.
883 3648 954 3724 Quo
983 3650 1018 3710 in
1043 3649 1114 3711 loco
1138 3648 1304 3710 tractando

132 3736 270 3802 libenter
311 3744 441 3801 secutus
484 3757 558 3802 sum
594 3738 629 3801 E.
657 3736 818 3801 Hillerum
861 3739 978 3801 diserte
1011 3737 1231 3821 disputantem
1267 3736 1307 3800 de

134 3827 246 3890 codice
273 3828 304 3889 A
325 3829 361 3888 in
394 3825 501 3890 Musei
535 3826 685 3890 Rhenani
716 3828 779 3890 vol.
806 3825 980 3904 XXXVII,
1016 3846 1098 3912 pag·
1117 3825 1304 3890 eet-576.

132 3914 301 3980 Praeterea
329 3915 366 3980 cf.
389 3914 455 3980 Tib.
479 3918 503 3996 Ι,
531 3916 560 3992 8,
591 3916 630 3978 17
656 3915 847 4001 sq.;·Prop.
876 3913 918 3997 H,
947 3915 999 3997 24,
1030 3916 1086 3995 10,
1119 3912 1182 3997 ΙΙΙ,
1212 3915 1241 3996 6,
1276 3915 1305 3978 3.

241 4095 262 4160 ¹)
282 4093 358 4160 Quod
372 4094 442 4162 apud
457 4092 631 4162 Propertium
650 4093 676 4148 h.
696 4091 713 4146 l.
727 4090 808 4146 unius
821 4092 1039 4160 interrogationis
1052 4092 1156 4146 ambitu
1168 4092 1305 4147 inclusum

133 4165 175 4216 est
188 4180 283 4232 ,nenne
297 4166 349 4220 tuit
358 4165 448 4218 levius
460 4169 521 4232 eet,
535 4164 624 4232 quem’
638 4163 667 4216 id
678 4163 814 4231 Vergilius
828 4165 857 4216 in
868 4164 934 4216 duas
945 4163 1168 4230 interrogationes
1178 4164 1307 4218 dissolvit

133 4249 180 4302 per
203 4250 231 4288 se
254 4236 365 4304 positas,
390 4237 423 4290 cf.
449 4238 514 4290 Aen.
532 4233 568 4299 X,
586 4236 630 4303 59,
653 4235 702 4288 ubi
724 4236 932 4302 interrogationi
951 4250 1043 4298 amon
1057 4234 1149 4288 satius'
1163 4235 1306 4303 incipienti

133 4306 332 4432 ldmoe‘dstfflff
346 4323 407 4430 eegr
422 4307 496 4376 ‚quid
514 4307 597 4362 iuvat'
618 4309 738 4369 formata,
757 4322 792 4359 ex
812 4323 863 4374 qna
883 4308 990 4375 apparet
1002 4307 1144 4374 oppositio.
1165 4304 1204 4359 ef.
1225 4307 1305 4360 etiam

157 4393 211 4446 erg.
253 4393 286 4433 0.
335 4417 340 4440 ,
363 4379 376 4429 1
398 4421 403 4432 .
765 4417 766 4420 ,

1127 4484 1144 4536 2
